@online{keysight_vna_basics,
	Author = {{Keysight Technologies}},
	title = {{Network Analyser Basics}},
	date = {2014},
	url = {http://literature.cdn.keysight.com/litweb/pdf/5965-7917E.pdf},
}

@online{ad8302_datasheet,
	Author = {{Analog Devices}},
	title = {{AD8302 Datasheet}},
	date = {2018},
	url = {https://www.analog.com/media/en/technical-documentation/data-sheets/ad8302.pdf},
}

@online{resistive_coupler,
	Author = {{N. Drobotun and P. Mikheev}},
	title = {A 300khz-13.5ghz directional bridge},
	date = {2015},
	url = {https://ieeexplore.ieee.org/document/7345756},
}

@online{henrik_1,
	Author = {Henrik Forsten},
	title = {Cheap homemade 30 MHz - 6 GHz vector network analyzer},
	date = {2016},
	url = {http://hforsten.com/cheap-homemade-30-mhz-6-ghz-vector-network-analyzer.html},
}

@online{henrik_2,
	Author = {{H. Forsten}},
	title = {Improved homemade VNA},
	date = {2017},
	url = {http://hforsten.com/improved-homemade-vna.html},
}

@online{torre_vna,
	Author = {{J. Verhaevert and P. V. Torre}},
	title = {A low-cost vector network analyzer: Design and realization},
	date = {2017},
	url = {https://ieeexplore.ieee.org/document/8363957},
}

@online{nagy_vna,
	Author = {Jonathan Nagy},
	title = {Remotely Operated Reflectometer},
	date = {2013},
	url = {https://kb.osu.edu/bitstream/handle/1811/56990/Remotely_Operated_Reflectometer_Thesis.pdf?sequence=1&isAllowed=y},
}